@inproceedings{mtc,
  title={Many-task computing for grids and supercomputers},
  author={Raicu, Ioan and Foster, Ian T and Zhao, Yong},
  booktitle={Many-Task Computing on Grids and Supercomputers, 2008. MTAGS 2008. Workshop on},
  pages={1--11},
  year={2008},
  organization={IEEE}
}

@inproceedings{amfs,
  title={Parallelizing the execution of sequential scripts},
  author={Zhang, Zhao and Katz, Daniel S and Armstrong, Timothy G and Wozniak, Justin M and Foster, Ian},
  booktitle={Proc. of the International Conf. on High Performance Computing, Networking, Storage and Analysis (SC13)},
  year={2013}
}

@inproceedings{envelope,
  title={MTC Envelope: Defining the capability of large scale computers in the context of parallel scripting applications},
  author={Zhang, Zhao and Katz, Daniel S and Wilde, Michael and Wozniak, Justin M and Foster, Ian},
  booktitle={Proceedings of the 22nd international symposium on High-performance parallel and distributed computing},
  pages={37--48},
  year={2013},
  organization={ACM}
}

@online{iozone,
	title={IOzone benchmark website},
	month=jun,
	year={2014},
	url={http://www.iozone.org/}
}

@online{mdtest,
	title={MDTest benchmark website},
	month=jun,
	year={2014},
	url={http://mdtest.sourceforge.net/}
}

@online{openmpi,
	title={OpenMPI website},
	month=jun,
	year={2014},
	url={http://www.open-mpi.org/}
}

@online{mpi_implementations,
	title={A list of MPI implementations on Wikipedia},
	month=jun,
	year={2014},
	url={http://en.wikipedia.org/wiki/Message_Passing_Interface#Implementations}
}

@online{das4,
	title={The DAS4 cluster website},
	month=jun,
	year={2014},
	url={http://www.cs.vu.nl/das4/}
}

@article{memfs,
	title={Overcoming data locality: an in-memory runtime file system with symmetrical data distribution. submitted for publication.},
	year={2014},
	author={Uta, Alexandru and Sandu, Andreea and Kielmann, Thilo}
}

@online{fsbench,
	title={FSBench benchmark portal},
	month=jun,
	year={2014},
	url={http://fsbench.filesystems.org/}
}
